@book{algorithmAnalysis,
    author    = "Robert Sedgewick and Philippe Flajolet",
    title     = "An introduction to the analysis of algorithms",
    year      = "2013",
    publisher = "Addison-Wesley/Pearson Education",
    address   = "Upper Saddle River, N.J."
}

@book{algorithmIntro,
    author    = "Thomas Cormen",
    title     = "Introduction to algorithms",
    year      = "2009",
    publisher = "MIT Press",
    address   = "Cambridge, Mass"
}

@misc{xunit,
    author    = ".NET Foundation",
    title     = "About xUnit.net",
    url       = "https://xunit.net/"
}

@misc{andOperator,
    author    = "Petr Kulikov",
    title     = "Boolean logical operators (C# Reference)",
    url       = "https://docs.microsoft.com/en-us/dotnet/csharp/language-reference/operators/boolean-logical-operators"
}

